%---------------------- A -------------------------------
@inproceedings{avin2015homophily,
	title={Homophily and the glass ceiling effect in social networks},
	author={Avin, Chen and Keller, Barbara and Lotker, Zvi and Mathieu, Claire and Peleg, David and Pignolet, Yvonne-Anne},
	booktitle={Proceedings of the 2015 conference on innovations in theoretical computer science},
	pages={41--50},
	year={2015},
	organization={ACM}
}
%---------------------- B -------------------------------
@inproceedings{backstrom2011supervised,
	title={Supervised random walks: predicting and recommending links in social networks},
	author={Backstrom, Lars and Leskovec, Jure},
	booktitle={Proceedings of the fourth ACM international conference on Web search and data mining},
	pages={635--644},
	year={2011},
	organization={ACM}
}
% --------------------- C -------------------------------
@inproceedings{chen2009make,
	title={Make new friends, but keep the old: recommending people on social networking sites},
	author={Chen, Jilin and Geyer, Werner and Dugan, Casey and Muller, Michael and Guy, Ido},
	booktitle={Proceedings of the SIGCHI Conference on Human Factors in Computing Systems},
	pages={201--210},
	year={2009},
	organization={ACM}
}
@article{chuklin2015click,
	title={Click models for web search},
	author={Chuklin, Aleksandr and Markov, Ilya and Rijke, Maarten de},
	journal={Synthesis Lectures on Information Concepts, Retrieval, and Services},
	volume={7},
	number={3},
	pages={1--115},
	year={2015},
	publisher={Morgan \& Claypool Publishers}
}
%------------------------ D ------------------------------
@inproceedings{daly2010network,
	title={The network effects of recommending social connections},
	author={Daly, Elizabeth M and Geyer, Werner and Millen, David R},
	booktitle={Proceedings of the fourth ACM conference on Recommender systems},
	pages={301--304},
	year={2010},
	organization={ACM}
}
@inproceedings{dong2017structural,
	title={Structural diversity and homophily: A study across more than one hundred big networks},
	author={Dong, Yuxiao and Johnson, Reid A and Xu, Jian and Chawla, Nitesh V},
	booktitle={Proceedings of the 23rd ACM SIGKDD International Conference on Knowledge Discovery and Data Mining},
	pages={807--816},
	year={2017},
	organization={ACM}
}
@article{dulac2019challenges,
	title={Challenges of Real-World Reinforcement Learning},
	author={Dulac-Arnold, Gabriel and Mankowitz, Daniel and Hester, Todd},
	journal={arXiv preprint arXiv:1904.12901},
	year={2019}
}

%------------------------ G -------------------------------
@inproceedings{gupta2013wtf,
	title={Wtf: The who to follow service at twitter},
	author={Gupta, Pankaj and Goel, Ashish and Lin, Jimmy and Sharma, Aneesh and Wang, Dong and Zadeh, Reza},
	booktitle={Proceedings of the 22nd international conference on World Wide Web},
	pages={505--514},
	year={2013},
	organization={ACM}
}
%------------------------ J -------------------------------
@inproceedings{jin2018real,
	title={Real-time bidding with multi-agent reinforcement learning in display advertising},
	author={Jin, Junqi and Song, Chengru and Li, Han and Gai, Kun and Wang, Jun and Zhang, Weinan},
	booktitle={Proceedings of the 27th ACM International Conference on Information and Knowledge Management},
	pages={2193--2201},
	year={2018},
	organization={ACM}
}
%------------------------ K -------------------------------
@article{karimi2018homophily,
	title={Homophily influences ranking of minorities in social networks},
	author={Karimi, Fariba and G{\'e}nois, Mathieu and Wagner, Claudia and Singer, Philipp and Strohmaier, Markus},
	journal={Scientific reports},
	volume={8},
	number={1},
	pages={11077},
	year={2018},
	publisher={Nature Publishing Group}
}

@article{konstan2012recommender,
	title={Recommender systems: from algorithms to user experience},
	author={Konstan, Joseph A and Riedl, John},
	journal={User modeling and user-adapted interaction},
	volume={22},
	number={1-2},
	pages={101--123},
	year={2012},
	publisher={Springer}
}
%------------------------ L ------------------------------
@inproceedings{lattimore2018toprank,
	title={TopRank: A practical algorithm for online stochastic ranking},
	author={Lattimore, Tor and Kveton, Branislav and Li, Shuai and Szepesvari, Csaba},
	booktitle={Advances in Neural Information Processing Systems},
	pages={3945--3954},
	year={2018}
}

@article{lazarsfeld1954friendship,
	title={Friendship as a social process: A substantive and methodological analysis},
	author={Lazarsfeld, Paul F and Merton, Robert K and others},
	journal={Freedom and control in modern society},
	volume={18},
	number={1},
	pages={18--66},
	year={1954}
}
@article{lee2017homophily,
	title={Homophily explains perception biases in social networks},
	author={Lee, Eun and Karimi, Fariba and Jo, Hang-Hyun and Strohmaier, Markus and Wagner, Claudia},
	journal={arXiv preprint arXiv:1710.08601},
	year={2017}
}
@inproceedings{leskovec2012learning,
	title={Learning to discover social circles in ego networks},
	author={Leskovec, Jure and Mcauley, Julian J},
	booktitle={Advances in neural information processing systems},
	pages={539--547},
	year={2012}
}
@article{li2019bubblerank,
	title={BubbleRank: Safe online learning to re-rank via implicit click feedback},
	author={Li, Chang and Kveton, Branislav and Lattimore, Tor and Markov, Ilya and de Rijke, Maarten and Szepesv{\'a}ri, Csaba and Zoghi, Masrour},
	year={2019}
}

%------------------------ M ------------------------------
@article{mcpherson2001birds,
	title={Birds of a feather: Homophily in social networks},
	author={McPherson, Miller and Smith-Lovin, Lynn and Cook, James M},
	journal={Annual review of sociology},
	volume={27},
	number={1},
	pages={415--444},
	year={2001},
	publisher={Annual Reviews 4139 El Camino Way, PO Box 10139, Palo Alto, CA 94303-0139, USA}
}
%------------------------ P -------------------------------
@inproceedings{pu2011user,
	title={A user-centric evaluation framework for recommender systems},
	author={Pu, Pearl and Chen, Li and Hu, Rong},
	booktitle={Proceedings of the fifth ACM conference on Recommender systems},
	pages={157--164},
	year={2011},
	organization={ACM}
}
% ----------------------- R -------------------------------
@inproceedings{radlinski2008learning,
	title={Learning diverse rankings with multi-armed bandits},
	author={Radlinski, Filip and Kleinberg, Robert and Joachims, Thorsten},
	booktitle={Proceedings of the 25th international conference on Machine learning},
	pages={784--791},
	year={2008},
	organization={ACM}
}
@inproceedings{rashid2002getting,
	title={Getting to know you: learning new user preferences in recommender systems},
	author={Rashid, Al Mamunur and Albert, Istvan and Cosley, Dan and Lam, Shyong K and McNee, Sean M and Konstan, Joseph A and Riedl, John},
	booktitle={Proceedings of the 7th international conference on Intelligent user interfaces},
	pages={127--134},
	year={2002},
	organization={ACM}
}
@book{russell2016artificial,
	title={Artificial intelligence: a modern approach},
	author={Russell, Stuart J and Norvig, Peter},
	year={2016},
	publisher={Malaysia; Pearson Education Limited,}
}

% ----------------------- S -------------------------------
@inproceedings{shi2019virtual,
	title={Virtual-taobao: Virtualizing real-world online retail environment for reinforcement learning},
	author={Shi, Jing-Cheng and Yu, Yang and Da, Qing and Chen, Shi-Yong and Zeng, An-Xiang},
	booktitle={Proceedings of the AAAI Conference on Artificial Intelligence},
	volume={33},
	pages={4902--4909},
	year={2019}
}
@book{simmel1950sociology,
	title={The sociology of georg simmel},
	author={Simmel, Georg},
	volume={92892},
	year={1950},
	publisher={Simon and Schuster}
}
@inproceedings{stoica2018algorithmic,
  title={Algorithmic Glass Ceiling in Social Networks: The effects of social recommendations on network diversity},
  author={Stoica, Ana-Andreea and Riederer, Christopher and Chaintreau, Augustin},
  booktitle={Proceedings of the 2018 World Wide Web Conference},
  pages={923--932},
  year={2018},
  organization={International World Wide Web Conferences Steering Committee}
}
@inproceedings{su2016effect,
	title={The effect of recommendations on network structure},
	author={Su, Jessica and Sharma, Aneesh and Goel, Sharad},
	booktitle={Proceedings of the 25th international conference on World Wide Web},
	pages={1157--1167},
	year={2016},
	organization={International World Wide Web Conferences Steering Committee}
}
%---------------------------- T ---------------------------
@article{traud2012social,
	title={Social structure of facebook networks},
	author={Traud, Amanda L and Mucha, Peter J and Porter, Mason A},
	journal={Physica A: Statistical Mechanics and its Applications},
	volume={391},
	number={16},
	pages={4165--4180},
	year={2012},
	publisher={Elsevier}
}
%---------------------------- Z ---------------------------
@inproceedings{zoghi2017online,
	title={Online learning to rank in stochastic click models},
	author={Zoghi, Masrour and Tunys, Tomas and Ghavamzadeh, Mohammad and Kveton, Branislav and Szepesvari, Csaba and Wen, Zheng},
	booktitle={Proceedings of the 34th International Conference on Machine Learning-Volume 70},
	pages={4199--4208},
	year={2017},
	organization={JMLR. org}
}
%---------------------------- web -------------------------
@misc{netflixprize2006,
	title = {Netflix Prize},
	howpublished = {\url{https://www.netflixprize.com/index.html}},
	note = {Accessed: 2020-01-08}
}
@online{youtubefeed2020,
	author = {Guillaume Chaslot},
	title = {The Toxic Potential of YouTubeâ€™s Feedback Loop},
	year = 2019,
	url = {https://www.wired.com/story/the-toxic-potential-of-youtubes-feedback-loop/},
	urldate = {2020-01-10}
}
@online{guardianselfharm,
	author = {John Naughton},
	title = {From self-harm to terrorism, online recommendations cast a deadly shadow},
	year = 2019,
	url = {https://www.theguardian.com/commentisfree/2019/mar/03/self-harm-to-terrorism-online-recommendations-cast-a-deadly-shadow},
	urldate = {2020-01-10}
}
@online{youtuberabbit2020,
	author = {Sean Captain},
	title = {From self-harm to terrorism, online recommendations cast a deadly shadow},
	year = 2019,
	url = {https://www.fastcompany.com/90416541/read-real-stories-of-how-youtube-pushed-people-down-shocking-rabbit-holes},
	urldate = {2020-01-10}
}