%---------------------- A -------------------------------
@article{adamic2003friends,
	title={Friends and neighbors on the web},
	author={Adamic, Lada A and Adar, Eytan},
	journal={Social networks},
	volume={25},
	number={3},
	pages={211--230},
	year={2003},
	publisher={Elsevier}
}
@article{auer2002nonstochastic,
	title={The nonstochastic multiarmed bandit problem},
	author={Auer, Peter and Cesa-Bianchi, Nicolo and Freund, Yoav and Schapire, Robert E},
	journal={SIAM journal on computing},
	volume={32},
	number={1},
	pages={48--77},
	year={2002},
	publisher={SIAM}
}
@inproceedings{avin2015homophily,
	title={Homophily and the glass ceiling effect in social networks},
	author={Avin, Chen and Keller, Barbara and Lotker, Zvi and Mathieu, Claire and Peleg, David and Pignolet, Yvonne-Anne},
	booktitle={Proceedings of the 2015 conference on innovations in theoretical computer science},
	pages={41--50},
	year={2015},
	organization={ACM}
}
%---------------------- B -------------------------------
@inproceedings{backstrom2011supervised,
	title={Supervised random walks: predicting and recommending links in social networks},
	author={Backstrom, Lars and Leskovec, Jure},
	booktitle={Proceedings of the fourth ACM international conference on Web search and data mining},
	pages={635--644},
	year={2011}
}
@article{barabasi1999emergence,
	title={Emergence of scaling in random networks},
	author={Barab{\'a}si, Albert-L{\'a}szl{\'o} and Albert, R{\'e}ka},
	journal={science},
	volume={286},
	number={5439},
	pages={509--512},
	year={1999},
	publisher={American Association for the Advancement of Science}
}
@article{brin1998anatomy,
	title={The anatomy of a large-scale hypertextual web search engine},
	author={Brin, Sergey and Page, Lawrence},
	year={1998}
}
%---------------------- C -------------------------------
@article{chalfin2016productivity,
	title={Productivity and selection of human capital with machine learning},
	author={Chalfin, Aaron and Danieli, Oren and Hillis, Andrew and Jelveh, Zubin and Luca, Michael and Ludwig, Jens and Mullainathan, Sendhil},
	journal={American Economic Review},
	volume={106},
	number={5},
	pages={124--27},
	year={2016}
}
@inproceedings{chen2009make,
	title={Make new friends, but keep the old: recommending people on social networking sites},
	author={Chen, Jilin and Geyer, Werner and Dugan, Casey and Muller, Michael and Guy, Ido},
	booktitle={Proceedings of the SIGCHI Conference on Human Factors in Computing Systems},
	pages={201--210},
	year={2009},
	organization={ACM}
}
%---------------------- D -------------------------------
@inproceedings{daly2010network,
	title={The network effects of recommending social connections},
	author={Daly, Elizabeth M and Geyer, Werner and Millen, David R},
	booktitle={Proceedings of the fourth ACM conference on Recommender systems},
	pages={301--304},
	year={2010},
	organization={ACM}
}
@article{de2013scale,
	title={Scale-free homophilic network},
	author={de Almeida, Maur{\'\i}cio L and Mendes, Gabriel A and Viswanathan, G Madras and da Silva, Luciano R},
	journal={The European Physical Journal B},
	volume={86},
	number={2},
	pages={38},
	year={2013},
	publisher={Springer}
}
@inproceedings{dong2017structural,
	title={Structural diversity and homophily: A study across more than one hundred big networks},
	author={Dong, Yuxiao and Johnson, Reid A and Xu, Jian and Chawla, Nitesh V},
	booktitle={Proceedings of the 23rd ACM SIGKDD International Conference on Knowledge Discovery and Data Mining},
	pages={807--816},
	year={2017},
	organization={ACM}
}
@article{dulac2019challenges,
	title={Challenges of Real-World Reinforcement Learning},
	author={Dulac-Arnold, Gabriel and Mankowitz, Daniel and Hester, Todd},
	journal={arXiv preprint arXiv:1904.12901},
	year={2019}
}
%---------------------- E -------------------------------
@article{erdds1959random,
	title={On random graphs I},
	author={ERDdS, P and R\&wi, A},
	journal={Publ. math. debrecen},
	volume={6},
	number={290-297},
	pages={18},
	year={1959}
}
%---------------------- F -------------------------------
@inproceedings{fabbri2020effect,
	title={The Effect of Homophily on Disparate Visibility of Minorities in People Recommender Systems},
	author={Fabbri, Francesco and Bonchi, Francesco and Boratto, Ludovico and Castillo, Carlos},
	booktitle={Proceedings of the International AAAI Conference on Web and Social Media},
	volume={14},
	pages={165--175},
	year={2020}
}
%---------------------- G -------------------------------
@article{gilbert1959random,
	title={Random graphs},
	author={Gilbert, Edgar N},
	journal={The Annals of Mathematical Statistics},
	volume={30},
	number={4},
	pages={1141--1144},
	year={1959},
	publisher={JSTOR}
}
@inproceedings{gupta2013wtf,
	title={Wtf: The who to follow service at twitter},
	author={Gupta, Pankaj and Goel, Ashish and Lin, Jimmy and Sharma, Aneesh and Wang, Dong and Zadeh, Reza},
	booktitle={Proceedings of the 22nd international conference on World Wide Web},
	pages={505--514},
	year={2013},
	organization={ACM}
}
%---------------------- H -------------------------------
@book{hackforth1972plato,
	title={Plato: Phaedrus},
	author={Hackforth, Reginald},
	number={119},
	year={1972},
	publisher={Cambridge University Press}
}
@inproceedings{heap2014combining,
	title={Combining career progression and profile matching in a job recommender system},
	author={Heap, Bradford and Krzywicki, Alfred and Wobcke, Wayne and Bain, Mike and Compton, Paul},
	booktitle={Pacific Rim International Conference on Artificial Intelligence},
	pages={396--408},
	year={2014},
	organization={Springer}
}
@inproceedings{horowitz2010anatomy,
	title={The anatomy of a large-scale social search engine},
	author={Horowitz, Damon and Kamvar, Sepandar D},
	booktitle={Proceedings of the 19th international conference on World wide web},
	pages={431--440},
	year={2010}
}
%---------------------- I -------------------------------
%---------------------- J -------------------------------
@inproceedings{jin2018real,
	title={Real-time bidding with multi-agent reinforcement learning in display advertising},
	author={Jin, Junqi and Song, Chengru and Li, Han and Gai, Kun and Wang, Jun and Zhang, Weinan},
	booktitle={Proceedings of the 27th ACM International Conference on Information and Knowledge Management},
	pages={2193--2201},
	year={2018},
	organization={ACM}
}
%---------------------- K -------------------------------
@inproceedings{kalayci2018credit,
	title={Credit risk analysis using machine learning algorithms},
	author={Kalayc{\i}, Sacide and Kamasak, Mustafa and Arslan, Se{\c{c}}il},
	booktitle={2018 26th Signal Processing and Communications Applications Conference (SIU)},
	pages={1--4},
	year={2018},
	organization={IEEE}
}
@article{karimi2018homophily,
	title={Homophily influences ranking of minorities in social networks},
	author={Karimi, Fariba and G{\'e}nois, Mathieu and Wagner, Claudia and Singer, Philipp and Strohmaier, Markus},
	journal={Scientific reports},
	volume={8},
	number={1},
	pages={11077},
	year={2018},
	publisher={Nature Publishing Group}
}
@article{konstan2012recommender,
	title={Recommender systems: from algorithms to user experience},
	author={Konstan, Joseph A and Riedl, John},
	journal={User modeling and user-adapted interaction},
	volume={22},
	number={1-2},
	pages={101--123},
	year={2012},
	publisher={Springer}
}
%---------------------- L -------------------------------
@inproceedings{lattimore2018toprank,
	title={Toprank: A practical algorithm for online stochastic ranking},
	author={Lattimore, Tor and Kveton, Branislav and Li, Shuai and Szepesvari, Csaba},
	booktitle={Advances in Neural Information Processing Systems},
	pages={3945--3954},
	year={2018}
}
@article{lazarsfeld1954friendship,
	title={Friendship as a social process: A substantive and methodological analysis},
	author={Lazarsfeld, Paul F and Merton, Robert K and others},
	journal={Freedom and control in modern society},
	volume={18},
	number={1},
	pages={18--66},
	year={1954}
}
@article{lempel2001salsa,
	title={SALSA: the stochastic approach for link-structure analysis},
	author={Lempel, Ronny and Moran, Shlomo},
	journal={ACM Transactions on Information Systems (TOIS)},
	volume={19},
	number={2},
	pages={131--160},
	year={2001},
	publisher={ACM New York, NY, USA}
}
@article{liben2007link,
	title={The link-prediction problem for social networks},
	author={Liben-Nowell, David and Kleinberg, Jon},
	journal={Journal of the American society for information science and technology},
	volume={58},
	number={7},
	pages={1019--1031},
	year={2007},
	publisher={Wiley Online Library}
}
%---------------------- M -------------------------------
@article{maslow1958dynamic,
	title={A Dynamic Theory of Human Motivation.},
	author={Maslow, Abraham Harold},
	year={1958},
	publisher={Howard Allen Publishers}
}
@article{mcpherson2001birds,
	title={Birds of a feather: Homophily in social networks},
	author={McPherson, Miller and Smith-Lovin, Lynn and Cook, James M},
	journal={Annual review of sociology},
	volume={27},
	number={1},
	pages={415--444},
	year={2001},
	publisher={Annual Reviews 4139 El Camino Way, PO Box 10139, Palo Alto, CA 94303-0139, USA}
}
%---------------------- N -------------------------------
%---------------------- O -------------------------------
%---------------------- P -------------------------------
@inproceedings{pu2011user,
	title={A user-centric evaluation framework for recommender systems},
	author={Pu, Pearl and Chen, Li and Hu, Rong},
	booktitle={Proceedings of the fifth ACM conference on Recommender systems},
	pages={157--164},
	year={2011}
}
%---------------------- Q -------------------------------
%---------------------- R -------------------------------
@inproceedings{radlinski2008learning,
	title={Learning diverse rankings with multi-armed bandits},
	author={Radlinski, Filip and Kleinberg, Robert and Joachims, Thorsten},
	booktitle={Proceedings of the 25th international conference on Machine learning},
	pages={784--791},
	year={2008}
}
@inproceedings{rashid2002getting,
	title={Getting to know you: learning new user preferences in recommender systems},
	author={Rashid, Al Mamunur and Albert, Istvan and Cosley, Dan and Lam, Shyong K and McNee, Sean M and Konstan, Joseph A and Riedl, John},
	booktitle={Proceedings of the 7th international conference on Intelligent user interfaces},
	pages={127--134},
	year={2002}
}
@book{russell2016artificial,
	title={Artificial intelligence: a modern approach},
	author={Russell, Stuart J and Norvig, Peter},
	year={2016},
	publisher={Malaysia; Pearson Education Limited,}
}
%---------------------- S -------------------------------
@inproceedings{shi2019virtual,
	title={Virtual-taobao: Virtualizing real-world online retail environment for reinforcement learning},
	author={Shi, Jing-Cheng and Yu, Yang and Da, Qing and Chen, Shi-Yong and Zeng, An-Xiang},
	booktitle={Proceedings of the AAAI Conference on Artificial Intelligence},
	volume={33},
	pages={4902--4909},
	year={2019}
}
@book{simmel1950sociology,
	title={The sociology of georg simmel},
	author={Simmel, Georg},
	volume={92892},
	year={1950},
	publisher={Simon and Schuster}
}
@inproceedings{stoica2018algorithmic,
	title={Algorithmic Glass Ceiling in Social Networks: The effects of social recommendations on network diversity},
	author={Stoica, Ana-Andreea and Riederer, Christopher and Chaintreau, Augustin},
	booktitle={Proceedings of the 2018 World Wide Web Conference},
	pages={923--932},
	year={2018},
	organization={International World Wide Web Conferences Steering Committee}
}
@inproceedings{su2016effect,
	title={The effect of recommendations on network structure},
	author={Su, Jessica and Sharma, Aneesh and Goel, Sharad},
	booktitle={Proceedings of the 25th international conference on World Wide Web},
	pages={1157--1167},
	year={2016},
	organization={International World Wide Web Conferences Steering Committee}
}
%---------------------- T -------------------------------
@article{traud2012social,
	title={Social structure of facebook networks},
	author={Traud, Amanda L and Mucha, Peter J and Porter, Mason A},
	journal={Physica A: Statistical Mechanics and its Applications},
	volume={391},
	number={16},
	pages={4165--4180},
	year={2012},
	publisher={Elsevier}
}
%---------------------- U -------------------------------
%---------------------- V -------------------------------
%---------------------- W -------------------------------
@article{watts1998collective,
	title={Collective dynamics of ‘small-world’networks},
	author={Watts, Duncan J and Strogatz, Steven H},
	journal={nature},
	volume={393},
	number={6684},
	pages={440--442},
	year={1998},
	publisher={Nature Publishing Group}
}
%---------------------- X -------------------------------
%---------------------- Y -------------------------------
%---------------------- Z -------------------------------
%---------------------- web -------------------------------
@misc{netflixprize2006,
	title = {Netflix Prize},
	howpublished = {\url{https://www.netflixprize.com/index.html}},
	note = {Accessed: 2020-11-02}
}
@online{youtubefeed2020,
	author = {Guillaume Chaslot},
	title = {The Toxic Potential of YouTube’s Feedback Loop},
	year = 2019,
	url = {https://www.wired.com/story/the-toxic-potential-of-youtubes-feedback-loop/},
	urldate = {2020-11-02}
}
@online{guardianselfharm,
	author = {John Naughton},
	title = {From self-harm to terrorism, online recommendations cast deadly shadow},
	year = 2019,
	url = {https://www.theguardian.com/commentisfree/2019/mar/03/self-harm-to-terrorism-online-recommendations-cast-a-deadly-shadow},
	urldate = {2020-11-02}
}
@online{youtuberabbit2020,
	author = {Sean Captain},
	title = {Read real stories of how YouTube pushed people down shocking rabbit holes},
	year = 2019,
	url = {https://www.fastcompany.com/90416541/read-real-stories-of-how-youtube-pushed-people-down-shocking-rabbit-holes},
	urldate = {2020-11-02}
}
@online{davidsilvertut,
	author = {David Silver},
	title = {Tutorial : Deep Reinforcement Learning},
	year = 2016,
	url = {https://icml.cc/2016/tutorials/deep_rl_tutorial.pdf},
	urldate = {2020-11-02}
}